@article{AgentModel,
  title={Cooperation in bike racingâ€”When to work together and when to go it alone},
  author={Hoenigman, R. and Bradley, E. and Lim, A.},
  journal={Complexity},
  volume={17},
  number={2},
  pages={39--44},
  year={2011},
  publisher={Wiley Online Library}
}

@inproceedings{MathModel,
  title={Applications of mathematical models of road cycling},
  author={Dahmen, T. and Saupe, D. and Wolf, S.},
  booktitle={7th Vienna International Conference on Mathematical Modelling. Vienna},
  year={2012}
}
